@article{Ant_Implementation_Tech_1,
	title={Ant-based swarming with positionless micro air vehicles for communication relay},
	author={Hauert, Sabine and Winkler, Laurent and Zufferey, Jean-Christophe and Floreano, Dario},
	journal={Swarm Intelligence},
	volume={2},
	number={2-4},
	pages={167--188},
	year={2008},
	publisher={Springer}
}

@article{Ant_Implementation_Tech_2,
	title={Networks, Swarms, Multitudes (Part Two)},
	author={Thacker, Eugene},
	journal={CTheory},
	pages={5--18},
	year={2004}
}

@article{Ant_Pheromones,
	title={Communication in ants},
	author={Jackson, Duncan E and Ratnieks, Francis LW},
	journal={Current biology},
	volume={16},
	number={15},
	pages={R570--R574},
	year={2006},
	publisher={Elsevier}
}

@article{Ant_Memory_1,
	title={Visual spatial memory in desert ants, Cataglyphis bicolor (Hymenoptera: Formicidae)},
	author={Wehner, Rudiger and R{\"a}ber, F},
	journal={Experientia},
	volume={35},
	number={12},
	pages={1569--1571},
	year={1979},
	publisher={Springer}
}

@article{Ant_Memory_2,
	title={Ant navigation: Priming of visual route memories},
	author={Harris, Robert A and de Ibarra, Natalie Hempel and Graham, Paul and Collett, Thomas S},
	journal={Nature},
	volume={438},
	number={7066},
	pages={302},
	year={2005},
	publisher={Nature Publishing Group}
}

@article{Ant_Memory_3,
	title={Combined use of pheromone trails and visual landmarks by the common garden ant Lasius niger},
	author={Evison, Sophie EF and Petchey, Owen L and Beckerman, Andrew P and Ratnieks, Francis LW},
	journal={Behavioral Ecology and Sociobiology},
	volume={63},
	number={2},
	pages={261},
	year={2008},
	publisher={Springer}
}

@article{Ant_Implementation_ML,
	title={Ant-based and swarm-based clustering},
	author={Handl, Julia and Meyer, Bernd},
	journal={Swarm Intelligence},
	volume={1},
	number={2},
	pages={95--113},
	year={2007},
	publisher={Springer}
}

@article{Ant_Navigation_Light,
	title={The light and magnetic compass of the weaver ant, Oecophylla smaragdina (Hymenoptera: Formicidae)},
	author={Jander, Rudolf and Jander, Ursula},
	journal={Ethology},
	volume={104},
	number={9},
	pages={743--758},
	year={1998},
	publisher={Wiley Online Library}
}

@article{Ant_Navigation_Magnetic_1,
	title={Antennae: the strongest magnetic part of the migratory ant},
	author={Wajnberg, Eliane and Cernicchiaro, Geraldo and de Souza Esquivel, Darci Motta},
	journal={Biometals},
	volume={17},
	number={4},
	pages={467--470},
	year={2004},
	publisher={Springer}
}

@article{Ant_Navigation_Magnetic_2,
	title={Evidence for magnetic material in the fire ant Solenopsis sp. by electron paramagnetic resonance measurements},
	author={Esquivel, Darci MS and Acosta-Avalos, Daniel and El-Jaick, L{\'e}a J and Cunha, Alexandra DM and Malheiros, Maria G and Wajnberg, Eliane and Linhares, Marilia P},
	journal={Naturwissenschaften},
	volume={86},
	number={1},
	pages={30--32},
	year={1999},
	publisher={Springer-Verlag}
}

@article{Ant_Navigation_Wind,
	title={Wind and sky as compass cues in desert ant navigation},
	author={M{\"u}ller, Martin and Wehner, R{\"u}diger},
	journal={Naturwissenschaften},
	volume={94},
	number={7},
	pages={589--594},
	year={2007},
	publisher={Springer}
}

@article{Ant_Path_Integration,
	title={Ant navigation: fractional use of the home vector},
	author={Cheung, Allen and Hiby, Lex and Narendra, Ajay},
	journal={PLoS One},
	volume={7},
	number={11},
	pages={e50451},
	year={2012},
	publisher={Public Library of Science}
}

@inproceedings{Ant_Simulator,
	title={Learning ant foraging behaviors},
	author={Panait, Liviu and Luke, Sean},
	organization={Citeseer}
}

@inproceedings{Ant_Simulator_Revisited,
	title={Ant foraging revisited},
	author={Panait, Liviu and Luke, Sean}
}

@inproceedings{Ant_Simulator_Intro,
	title={A pheromone-based utility model for collaborative foraging},
	author={Panait, Liviu and Luke, Sean},
	booktitle={Proceedings of the Third International Joint Conference on Autonomous Agents and Multiagent Systems, 2004. AAMAS 2004.},
	pages={36--43},
	year={2004},
	organization={IEEE}
}

@article{Mason,
	title={Mason: A multiagent simulation environment},
	author={Luke, Sean and Cioffi-Revilla, Claudio and Panait, Liviu and Sullivan, Keith and Balan, Gabriel},
	journal={Simulation},
	volume={81},
	number={7},
	pages={517--527},
	year={2005},
	publisher={Sage Publications Sage CA: Thousand Oaks, CA}
}

@book{Swarm_Intro,
	author = {Bonabeau, Eric and Dorigo, Marco and Theraulaz, Guy},
	title = {From Natural to Artificial Swarm Intelligence},
	year = {1999},
	isbn = {0195131584},
	publisher = {Oxford University Press, Inc.},
	address = {USA}
}

@article{Swarm_Animals,
	title={Stability analysis of social foraging swarms},
	author={Gazi, Veysel and Passino, Kevin M},
	journal={IEEE Transactions on Systems, Man, and Cybernetics, Part B (Cybernetics)},
	volume={34},
	number={1},
	pages={539--557},
	year={2004},
	publisher={IEEE}
}

@article{Swarm_Explanation,
	title={Emergence of swarming behavior: foraging agents evolve collective motion based on signaling},
	author={Witkowski, Olaf and Ikegami, Takashi},
	journal={PloS one},
	volume={11},
	number={4},
	pages={e0152756},
	year={2016},
	publisher={Public Library of Science}
}

@inproceedings{Swarm_Properties,
	title={From swarm intelligence to swarm robotics},
	author={Beni, Gerardo},
	booktitle={International Workshop on Swarm Robotics},
	pages={1--9},
	year={2004},
	organization={Springer}
}